3828 4948
575 380 1296 546 rn-AEon‘r'ro.

246 627 294 720 K.
326 621 507 712 Secundi
524 621 706 708 Canonrs
723 617 892 728 Regum
914 617 1195 704 Astronomici
1206 617 1252 716 ,a
1274 571 1553 709 Nabonaiiaro
1573 629 1626 719 ad
1715 701 1716 704 .
1816 747 1819 758 Ι

167 833 174 842 ,
302 734 557 826 Μίεὴαὲἰεω
575 720 672 815 cum
695 727 824 825 Filio,
852 725 1079 814 distinciior
1097 727 1332 838 descriptio.
1354 753 1395 843 p.
1416 757 1515 830 321.

245 913 301 1002 L.
330 911 542 1002 Fastorum
560 901 847 994 Consularium
867 895 1119 984 Graecorum
1136 896 1435 1008 posteriorum,
1460 841 1641 994 anod-x

302 1023 426 1106 wello
444 1045 499 1104 ex
514 1013 637 1101 lsaaci
656 1007 791 1094 Vossii
809 1005 967 1092 schedis
986 1007 1219 1101 editorum,
1232 1007 1272 1090 ἃ
1292 1031 1347 1092 ex
1367 1013 1444 1096 hoc
1460 1014 1624 1113 Codice
1659 1011 1662 1015 ’
1738 1017 1741 1022 ’

302 1131 627 1240 exscriptorum,
646 1114 871 1203 distinciior
891 1116 1136 1224 descriptio,
1150 1115 1190 1198 &
1212 1113 1427 1201 restitutio
1444 1143 1484 1232 p.
1500 1151 1597 1236 3²4·
1753 1123 1755 1126 ·
1787 1152 1791 1160 ·

247 1299 314 1388 M.
339 1277 778 1406 Icofipenta'e'teridum
806 1283 982 1366 Tabulae
1007 1303 1085 1388 pro
1106 1279 1201 1362 Sole
1230 1280 1275 1362 ἃ
1301 1247 1447 1384 Lana,
1481 1295 1525 1372 nc
1547 1317 1625 1404 pso

305 1405 473 1517 reliquis
492 1402 676 1516 quinque
696 1394 892 1486 Planetis,
918 1389 1089 1472 ulterior
1107 1385 1390 1482 confideratio.
1408 1417 1449 1508 p.
1469 1422 1571 1496 332·
1647 1455 1648 1458 κ

247 1579 305 1672 N.
331 1581 402 1667 De
427 1577 592 1687 reliquis
617 1541 923 1680 hujnsCodicis
941 1565 1115 1651 Tabulis
1132 1567 1432 1658 Astronomicis
1457 1581 1624 1688 proprie

309 1689 504 1806 distinan
521 1707 578 1770 ex
593 1681 809 1768 Ptolemaei
825 1677 1065 1786 Almagesto
1079 1675 1159 1762 fint
1176 1676 1417 1792 desumptae.
1438 1707 1479 1796 p.
1498 1712 1518 1784 3
1529 1713 1596 1796 34.

248 1863 304 1950 0.
330 1859 400 1948 De
414 1856 535 1968 hujus
548 1825 723 1944 ¹Codicis
744 1866 890 1950 aetate,
914 1848 984 1934 seu
1003 1865 1215 1962 tempore,
1243 1873 1330 1966 quo
1349 1849 1521 1972 scriptu-s
1549 1857 1621 1948 est.

332 2035 342 2056 ·
374 1997 424 2070 33
463 2033 473 2055 ·
621 2029 623 2032 ·

246 1997 466 2250 P.pHuju4s
481 2131 720 2252 paragraphi
736 2125 943 2254 Xxyfln
960 2127 1182 2243 conclusio.
1212 2153 1253 2242 p.
1273 2158 1373 2243 334·

442 2384 763 2510 Doeorcrs
818 2375 1111 2491 Camoms
1166 2388 1432 2492 Rucum,

499 2551 561 2614 ox
597 2525 808 2616 Coorcn
844 2525 1383 2636 Lucumo-Bonam,

818 2693 1053 2762 como.

302 2915 349 3001 ln
373 2936 456 3026 qua
481 2909 665 2998 editione
683 2907 890 2996 Codicem
920 2910 1272 3026 Manuscriptnm,
1299 2931 1502 3105 ‹luantum
1516 2874 1616 3006 fleri

247 3023 408 3138 potuit,
424 3021 566 3106 exacie
585 3019 870 3130 expreffimus.
952 3021 1129 3108 servatis
1146 3023 1293 3106 iisdem
1327 3026 1441 3106 ineis.
1525 3019 1619 3106 Ser·
1677 3033 1680 3040 ⁴

248 3155 340 3219 vata
358 3153 528 3244 quoque
545 3129 693 3214 eadem
712 3126 952 3216 Literarum
970 3131 1125 3229 forma,
1153 3149 1355 3242 quantum
1372 3130 1525 3218 scilicet
1544 3156 1618 3242 per

247 3241 397 3354 Typos
416 3239 459 3322 &
477 3235 739 3349 Typothetas
754 3237 891 3322 licuit:
911 3242 1116 3350 praecipua
1137 3258 1276 3327 autem
1294 3241 1526 3326 differentia
1546 3265 1619 3322 oc-

247 3351 379 3436 currit
401 3351 444 3432 in
460 3349 592 3458 prima
609 3345 829 3458 Alphabeti
848 3347 993 3440 Graeci
1008 3349 1123 3434 litera
1145 3352 1304 3461 Alpha,
1332 3371 1456 3456 quam
1473 3368 1548 3452 per
1575 3351 1620 3436 A

245 3457 539 3571 expreffimus,
564 3480 661 3540 cum
679 3457 796 3542 aliam
817 3457 860 3540 &
882 3459 1012 3568 magis
1031 3460 1306 3544 recentiorem
1325 3458 1369 3536 in
1398 3451 1510 3537 ΜΨ
1533 3455 1619 3542 for-

246 3593 358 3658 mam
375 3565 546 3660 habeatr
567 3584 614 3650 ut
633 3567 675 3651 &
694 3566 738 3650 in
755 3567 869 3650 litera
887 3567 1100 3652 Numerali
1119 3587 1213 3672 quae
1234 3556 1396 3666 ὶπῖσημω
1407 3559 1529 3654 Edam
1543 3569 1618 3654 v'o·

246 3695 386 3776 catur,
413 3675 457 3759 δι
473 3675 636 3760 numeri
653 3700 735 3780 900
755 3675 940 3758 valorem
958 3671 1127 3768 habeat,
1153 3693 1277 3782 quam
1296 3675 1376 3758 hoc
1393 3683 1525 3761 modo
1543 3705 1617 3766 ex-

246 3785 459 3894 preffimus
478 3801 556 3888 75,
581 3783 744 3868 licerio
768 3779 881 3866 Mo·
904 3775 1022 3859 aliam
1039 3773 1220 3894 &plane
1245 3781 1488 3897 fingularem
1513 3811 1617 3899 prae-

246 3893 352 3980 ferat
366 3891 556 4016 formam

933 4151 997 4202 ⁴*
1033 4163 1055 4239 3
1453 4130 1615 4226 Canoni
